% TO COMMENT OUT A REFERENCE, REMOVE THE `at' symbol at the start

%----------------------------------------------------------------
%LITERATURE REVIEW PAPERS
%----------------------------------------------------------------

% LMS Test.Lab Structures Brochure
@misc{LMSTestLab2004,
    author       = {LMS},
    title        = {LMS Test.Lab Structures},
    howpublished = {http://edubiznes.com/dag/brochures/LMS%20Test.Lab%20Structures.pdf},
    year         = {2004}
}

% LMS PolyMAX
@article{Peeters2004,
author = {Peeters, Bart and Lowet, G. and Van der Auweraer, Herman and Leuridan, Jan},
year = {2004},
month = {01},
pages = {24-29+16},
title = {A New Procedure for Modal Parameter Estimation},
volume = {38},
journal = {Sound and Vibration}
}

% STAR System
@misc{STARsite,
    author       = {Sound Technology},
    title        = {The STAR System},
    howpublished = {http://www.soundtechnology.com/star.htm},
}

% Pak 2023
@article{Pak2023,
    author = {Chan-gi Pak},
    title = {Finite Element Model Tuning Using Analytical Sensitivity Values},
    journal = {Journal of Aircraft},
    volume = {60},
    number = {4},
    pages = {1105-1117},
    year = {2023},
    doi = {10.2514/1.C037178},
    URL = {https://doi.org/10.2514/1.C037178},
    eprint = {https://doi.org/10.2514/1.C037178}
}

% HILDA #1
@inbook{Vartio2005,
    author = {Eric Vartio and Anthony Shimko and Carl Tilmann and Peter Flick},
    title = {Structural Modal Control and Gust Load Alleviation for a SensorCraft Concept},
    booktitle = {46th AIAA/ASME/ASCE/AHS/ASC Structures, Structural Dynamics and Materials Conference},
    chapter = {},
    pages = {},
    doi = {10.2514/6.2005-1946},
    URL = {https://arc.aiaa.org/doi/abs/10.2514/6.2005-1946},
    eprint = {https://arc.aiaa.org/doi/pdf/10.2514/6.2005-1946}
}

% HILDA #2
@inbook{Bartley-Cho2008,
    author = {Jonathan Bartley-Cho and Joseph Henderson},
    title = {Design and Analysis of HiLDA/AEI Aeroelastic Wind Tunnel Model},
    booktitle = {26th AIAA Applied Aerodynamics Conference},
    doi = {10.2514/6.2008-7191},
    URL = {https://arc.aiaa.org/doi/abs/10.2514/6.2008-7191},
    eprint = {https://arc.aiaa.org/doi/pdf/10.2514/6.2008-7191}
}

% HILDA #3
@inbook{Vartio2008,
    author = {Eric Vartio and Elaine shaw and Travis Vetter},
    title = {Gust Load Alleviation Flight Control System Design for a SensorCraft Vehicle},
    booktitle = {26th AIAA Applied Aerodynamics Conference},
    doi = {10.2514/6.2008-7192},
    URL = {https://arc.aiaa.org/doi/abs/10.2514/6.2008-7192},
    eprint = {https://arc.aiaa.org/doi/pdf/10.2514/6.2008-7192}
}

% HILDA #4 (LMC)
@inbook{Penning2009,
    author = {Kevin Penning and Scott Zink and Paul Wei and Antonio De La Garza and Michael Love and Juan Martinez},
    title = {Aeroservoelastic Analysis of a SensorCraft Vehicle and Comparison with Wind Tunnel Data},
    booktitle = {50th AIAA/ASME/ASCE/AHS/ASC Structures, Structural Dynamics, and Materials Conference},
    chapter = {},
    pages = {},
    doi = {10.2514/6.2009-2405},
    URL = {https://arc.aiaa.org/doi/abs/10.2514/6.2009-2405},
    eprint = {https://arc.aiaa.org/doi/pdf/10.2514/6.2009-2405}
}

% Daniella Technion SysID & Flutter Prediction
@article{Argaman2019,
    author = {Argaman, Matan and Raveh, Daniella E.},
    title = {Multioutput Autoregressive Aeroelastic System Identification and Flutter Prediction},
    journal = {Journal of Aircraft},
    volume = {56},
    number = {1},
    pages = {30-42},
    year = {2019},
    doi = {10.2514/1.C034789},
    URL = {https://doi.org/10.2514/1.C034789},
    eprint = {https://doi.org/10.2514/1.C034789}
}

% Chen 1980
@article{Chen1980,
    author = {Chen, Jay C. and Garba, John A.},
    title = {Analytical Model Improvement Using Modal Test Results},
    journal = {AIAA Journal},
    volume = {18},
    number = {6},
    pages = {684-690},
    year = {1980},
    doi = {10.2514/3.50805},
    URL = {https://doi.org/10.2514/3.50805},
    eprint = {https://doi.org/10.2514/3.50805}
}

% Chen 2001 phd thesis
@phdthesis{Chen2001,
    author  = {Gan Chen},
    title   = {FE Model Validation for Structural Dynamics},
    school  = {University of London},
    year    = {2001},
    type    = "{PhD} dissertation",
    address = {London, South Kensington},
    month   = {April}
}



%----------------------------------------------------------------
%LIVNE PAPERS
%----------------------------------------------------------------
@article{Livne2018,
    author = {Livne, Eli},
    title = {Aircraft Active Flutter Suppression: State of the Art and Technology Maturation Needs},
    journal = {Journal of Aircraft},
    volume = {55},
    number = {1},
    pages = {410-452},
    year = {2018},
    doi = {10.2514/1.C034442},
    URL = {https://doi.org/10.2514/1.C034442},
    eprint = {https://doi.org/10.2514/1.C034442}
}

@article{Livne1999,
    author = {Livne, Eli},
    title = {Integrated Aeroservoelastic Optimization: Status and Direction},
    journal = {Journal of Aircraft},
    volume = {36},
    number = {1},
    pages = {122-145},
    year = {1999},
    doi = {10.2514/2.2419},
    URL = {https://doi.org/10.2514/2.2419},
    eprint = {https://doi.org/10.2514/2.2419}
}

@article{Livne2003,
    author = {Livne, Eli},
    title = {Future of Airplane Aeroelasticity},
    journal = {Journal of Aircraft},
    volume = {40},
    number = {6},
    pages = {1066-1092},
    year = {2003},
    doi = {10.2514/2.7218},
    URL = {https://doi.org/10.2514/2.7218},
    eprint = {https://doi.org/10.2514/2.7218}
}

%----------------------------------------------------------------
%OTHER PAPERS
%----------------------------------------------------------------

% theodorsen solution
@techreport{Theodorsen1949,
	author      = {Theodore Theodorsen},
	title       = {General Theory of Aerodynamic Instability and the Mechanism of Flutter},
	institution = {National Advisory Committee for Aeronautics},
	year        = {1949},
	type        = {Technical Memorandum},
	number      = {NACA-TR-496},
	address     = {Langley Aeronautical Lab. Langley Field, VA, United States},
	month       = {January}
}

% doublet lattice
@article{Albano1969,
    author = {Edward Albano and William P. Rodden},
    title = {A doublet-lattice method for calculating lift distributions on oscillating surfaces in subsonic flows},
    journal = {AIAA Journal},
    volume = {7},
    number = {2},
    pages = {279-285},
    year = {1969},
    doi = {10.2514/3.5086},
    URL = {https://doi.org/10.2514/3.5086},
    eprint = {https://doi.org/10.2514/3.5086}
}

% roger approximation
@inproceedings{Roger1977,
    author = {Kenneth L. Roger},
    title = {Airplane Math Modeling Methods for Active Control Design},
    booktitle = {Structural Aspects of Active Controls},
    month = {August},
    year = {1977},
    series = {AGARD-CP-228}
}
what bibtex field does this AGARD document ID go under?

% MARGE SciTech
@book{Quenzer2019,
    author = {Jake D. Quenzer and Alison Zongolowicz and Kimberly A. Hinson and Bijan Barzgaran and Eli Livne and Mehran Mesbahi and Kristi Morgansen},
    title = {Model for Aeroelastic Response to Gust Excitation},
    booktitle = {AIAA Scitech 2019 Forum},
    publisher = {American Institute of Aeronautics and Astronautics Inc.},
    year = {2019},
    doi = {10.2514/6.2019-2031},
    URL = {https://arc.aiaa.org/doi/abs/10.2514/6.2019-2031},
    eprint = {https://arc.aiaa.org/doi/pdf/10.2514/6.2019-2031}
}

% FRF computation
@inbook{Tischler2012,
	author    = {Mark B. Tischler and Robert K. Remple},
	title     = {Aircraft and Rotorcraft System Identification},
	chapter   = {7},
	publisher = {American Institute of Aeronautics and Astronautics, Inc.},
	year      = {2006},
	address   = {1801 Alexander Bell Drive, Reston, VA 20191-4344},
	edition   = {2}
}

% H1, H2, Hv FRF
@inproceedings{Rocklin1985,
	booktitle = {Proceedings of the Third International Modal Analysis Conference},
	author = {G.T. Tocklin and J. Crowley and H. Vold},
	title = {A Comparison of H1, H2, and Hv Frequency Response Functions},
	year = {1985},
	volume = {1},
	pages = {272-278}
}

% control surface effectiveness source 1
@techreport{Young1947,
	author = {A. D. Young},
	title = {The Aerodynamic Characteristics of Flaps},
	institution = {Ministry of Supply},
	publisher = {H.M.S.O.},
	year = {1947},
	type = {Reports and Memoranda},
	number = {2622},
	month = {February}
}

% control surface effectiveness source 2
@techreport{Riebe1955,
	author      = {John M. Riebe},
	title       = {A Correlation of Two-Dimensional Data on Lift Coefficient Available with Blowing-, Suction-, Slotted-, and Plain-Flap High-Lift Devices},
	institution = {National Advisory Committee for Aeronautics},
	year        = {1955},
	type        = {Research Memorandum},
	number      = {NACA-RM-L55D29a},
	address     = {Langley Aeronautical Lab. Langley Field, VA, United States},
	month       = {October}
}

% Karpel Minimum State Lag Terms
@inbook{Karpel1988,
	author = {Mordechay Karpel},
	title = {Design for Active Flutter Suppression and Gust Alleviation Using State-Space Aeroelastic Modeling},
	booktitle = {21st Structures, Structural Dynamics, and Materials Conference},
	year = {1988},
	doi = {10.2514/6.1980-766},
	URL = {https://arc.aiaa.org/doi/abs/10.2514/6.1980-766},
	eprint = {https://arc.aiaa.org/doi/pdf/10.2514/6.1980-766}
}

% ride quality from AGARD-CP-267, 1979
@inproceedings{Jones1979,
    author = {J. G. Jones},
    title = {Ride-Bumpiness and the Influence of Active Control Systems},
    booktitle = {High-speed, Low-level Flight: Aircrew Factors},
    month = {October},
    year = {1979},
    series = {AGARD-CP-228}
}

% load alleviation A300
@conference{Sensburg1982,
  author       = {O. Sensburg and J. Becker and H. Lusebrink and F. Weiss},
  title        = {Gust Load Alleviation on Airbus A 300},
  booktitle    = {13th Congress of the Internaional Council of the Aeronautical Sciences, and AIAA Aircraft Systesm and Technology Conference},
  year         = {1982},
  pages        = {44-58},
  address      = {Seattle, WA}
}


@techreport{Nissim1976,
	author      = {E. Nissim and A. Caspi and I. Lottati},
	title       = {Application of the Aerodynamic Energy Concept to Flutter Suppression and Gust ALleviation by Use of Active Controls},
	institution = {National Aeronautics and Space Administration},
	year        = {1976},
	type        = {Technical Note},
	number      = {NASA TN D-8212},
	address     = {Langley Research Center Hampton, VA, United States},
	month       = {June}
}

----------------------------------------------------------------
REFERENCE MATERIAL
---------------------------------------------------------------- 

% NASTRAN aeroelastic analysis manual
@manual{Siemens2020,
  title        = {Aeroelastic Analysis User's Guide},
  author       = {Siemens},
  organization = {Siemens Digital Industries Software},
  edition      = {2020.2},
  year         = {2020}
}

% 3x3 wind tunnel website
@misc{3x3site,
  title  = {3x3 Low-Speed Wind Tunnel},
  author = {William E. Boeing Department of Aeronautics and Astronautics},
  note   = {https://www.aa.washington.edu/AERL/3x3},
  year   = {2023}
}